@book{edicion,
  title={Ecuaciones diferenciales con aplicaciones de modelado},
  author={Zill, Dennis G and Hern{\'a}ndez, Ana Elizabeth Garc{\'\i}a and L{\'o}pez, Ernesto Filio},
  number={970-686-487-3.},
  year={2002},
  publisher={Thomson Learning}
}


@book{edicion2,
  title={Ecuaciones diferenciales},
  author={Zill, Dennis G and Cullen, Michael R},
  year={2008},
  publisher={McGraw-Hill}
}


@article{edicion3,
  title={Exploremos los sistemas de ecuaciones lineales a trav{\'e}s de un aula virtual},
  author={Cer{\'o}n Erazo, N{\'e}stor Fabio},
  journal={Departamento de Matem{\'a}ticas y Estad{\'\i}stica}
}